@article{Zipf1942UnityOfNature,
  ISSN = {00380431},
  URL = {http://www.jstor.org/stable/2784953},
  author = {George Kingsley Zipf},
  journal = {Sociometry},
  number = {1},
  pages = {48--62},
  publisher = {[American Sociological Association, Sage Publications, Inc.]},
  title = {The Unity of Nature, Least-Action, and Natural Social Science},
  volume = {5},
  year = {1942}
}

@article{Ploski2007DatabaseCentricVersioning,
  author = {Ploski, Jan and Hasselbring, Wilhelm and Rehwinkel, Jochen and Schwierz, Stefan},
  year = {2007},
  month = {02},
  pages = {38-44},
  title = {Introducing Version Control to Database-Centric Applications in a Small Enterprise},
  volume = {24},
  journal = {Software, IEEE},
  doi = {10.1109/MS.2007.17}
}

@article{Bellare2009FormatPreservingE,
  title={Format-Preserving Encryption},
  author={Mihir Bellare and Thomas Ristenpart and Phillip Rogaway and Till Stegers},
  journal={IACR Cryptol. ePrint Arch.},
  year={2009},
  volume={2009},
  pages={251},
  url={https://api.semanticscholar.org/CorpusID:1081553}
}

@misc{Rosset2019ScalaBigInt,
  title = {Optimizing BigInt for small integers},
  author = {Denis Rosset},
  howpublished = {Online forum post},
  note = {Scala Contributors},
  year = {2019},
  month = {jun},
  url = {https://contributors.scala-lang.org/t/optimizing-bigint-for-small-integers/3412}
}

@inproceedings{Hoos2021AutomatedCA,
  title={Automated Configuration and Selection of SAT Solvers},
  author={Holger H. Hoos and Frank Hutter and Kevin Leyton-Brown},
  booktitle={Handbook of Satisfiability},
  year={2021},
  url={https://api.semanticscholar.org/CorpusID:234018567}
}

@online{Amrrs2021MarkovHeadlines,
  title={Meaningful Random Headlines by Markov Chain},
  author={@amrrs},
  note={Kaggle},
  year={2021},
  url={https://www.kaggle.com/code/nulldata/meaningful-random-headlines-by-markov-chain/notebook},
  urldate={2023-12-02}
}

@article{Osypanka2022ResourceUC,
  title={Resource Usage Cost Optimization in Cloud Computing Using Machine Learning},
  author={Patryk Osypanka and Piotr Nawrocki},
  journal={IEEE Transactions on Cloud Computing},
  year={2022},
  volume={10},
  pages={2079-2089},
  url={https://api.semanticscholar.org/CorpusID:226524806}
}

@article{Akhtar2023PopularityRO,
  title={Popularity Ranking of Database Management Systems},
  author={Aleem Akhtar},
  journal={ArXiv},
  year={2023},
  volume={abs/2301.00847},
  url={https://api.semanticscholar.org/CorpusID:255393863}
}
