@article{Zipf1942UnityOfNature,
  ISSN = {00380431},
  URL = {http://www.jstor.org/stable/2784953},
  author = {George Kingsley Zipf},
  journal = {Sociometry},
  number = {1},
  pages = {48--62},
  publisher = {[American Sociological Association, Sage Publications, Inc.]},
  title = {The Unity of Nature, Least-Action, and Natural Social Science},
  volume = {5},
  year = {1942}
}

@article{AppelScrabble1988,
  author = {Appel, Andrew W. and Jacobson, Guy J.},
  title = {The world's fastest Scrabble program},
  year = {1988},
  issue_date = {May 1988},
  publisher = {Association for Computing Machinery},
  address = {New York, NY, USA},
  volume = {31},
  number = {5},
  issn = {0001-0782},
  url = {https://doi.org/10.1145/42411.42420},
  doi = {10.1145/42411.42420},
  journal = {Commun. ACM},
  month = may,
  pages = {572â€“578},
  numpages = {7}
}

@article{Ploski2007DatabaseCentricVersioning,
  author = {Ploski, Jan and Hasselbring, Wilhelm and Rehwinkel, Jochen and Schwierz, Stefan},
  year = {2007},
  month = {02},
  pages = {38-44},
  title = {Introducing Version Control to Database-Centric Applications in a Small Enterprise},
  volume = {24},
  journal = {Software, IEEE},
  doi = {10.1109/MS.2007.17}
}

@article{Bellare2009FormatPreservingE,
  title = {Format-Preserving Encryption},
  author = {Mihir Bellare and Thomas Ristenpart and Phillip Rogaway and Till Stegers},
  journal = {IACR Cryptol. ePrint Arch.},
  year = {2009},
  volume = {2009},
  pages = {251},
  url = {https://api.semanticscholar.org/CorpusID:1081553}
}

@article{Erritali2016DocumentSimilarity,
  author = {Erritali, Mohammed and beni hssane, Abderrahim and Birjali, Marouane and Madani, Youness},
  year = {2016},
  month = {01},
  pages = {2454-2461},
  title = {An approach of semantic similarity measure between documents based on big data},
  volume = {6},
  doi = {10.11591/ijece.v6i5.10853}
}

@misc{Rosset2019ScalaBigInt,
  title = {Optimizing BigInt for small integers},
  author = {Denis Rosset},
  howpublished = {Online forum post},
  note = {Scala Contributors},
  year = {2019},
  month = {jun},
  url = {https://contributors.scala-lang.org/t/optimizing-bigint-for-small-integers/3412}
}

@inproceedings{Hoos2021AutomatedCA,
  title = {Automated Configuration and Selection of SAT Solvers},
  author = {Holger H. Hoos and Frank Hutter and Kevin Leyton-Brown},
  booktitle = {Handbook of Satisfiability},
  year = {2021},
  url = {https://api.semanticscholar.org/CorpusID:234018567}
}

@online{Amrrs2021MarkovHeadlines,
  title = {Meaningful Random Headlines by Markov Chain},
  author = {@amrrs},
  note = {Kaggle},
  year = {2021},
  url = {https://www.kaggle.com/code/nulldata/meaningful-random-headlines-by-markov-chain/notebook},
  urldate = {2023-12-02}
}

@article{Osypanka2022ResourceUC,
  title = {Resource Usage Cost Optimization in Cloud Computing Using Machine Learning},
  author = {Patryk Osypanka and Piotr Nawrocki},
  journal = {IEEE Transactions on Cloud Computing},
  year = {2022},
  volume = {10},
  pages = {2079-2089},
  url = {https://api.semanticscholar.org/CorpusID:226524806}
}

@inproceedings{Fluri2023DatabaseCiCd,
  author = {Fluri, Jasmin and Fornari, Fabrizio and Pustulka, Ela},
  year = {2023},
  month = {03},
  pages = {},
  title = {Measuring the Benefits of CI/CD Practices for Database Application Development},
  doi = {10.1109/ICSSP59042.2023.00015}
}

@misc{Edwards2023LiveLocalSchemaChange,
  title = {Live & Local Schema Change: Challenge Problems}, 
  author = {Jonathan Edwards and Tomas Petricek and Tijs van der Storm},
  year = {2023},
  eprint = {2309.11406},
  archivePrefix = {arXiv},
  primaryClass = {cs.DB},
  url = {https://arxiv.org/abs/2309.11406}, 
}

@techreport{UCA2024,
  author = {Ken Whistler and Markus Scherer},
  title = {Unicode Collation Algorithm},
  type = {Unicode Technical Standard},
  number = {UTS \#10},
  version = {16.0.0},
  date = {2024-08-22},
  institution = {The Unicode Consortium},
  url = {https://www.unicode.org/reports/tr10/},
  note = {Accessed: 2024-12-01}
}

@manual{ICU2024,
  author = {ICU Project},
  title = {ICU - International Components for Unicode},
  year = {2024},
  url = {https://icu.unicode.org/},
  note = {Accessed: 2024-12-01}
}

@online{DBEngines2024RankingModels,
  author = {{DB-Engines}},
  title = {DB-Engines Ranking per database model category},
  year = {2024},
  url = {https://db-engines.com/en/ranking_categories},
  note = {Archived version: \url{https://web.archive.org/web/20241001104444/https://db-engines.com/en/ranking_categories}. Accessed: 2024-10-01}
}















